<?xml version="1.0" encoding="UTF-8"?>
  <record xmlns="http://www.loc.gov/MARC21/slim" type="Authority">
    <leader>00000nz  a2200000nc 4500</leader>
    <controlfield tag="001">118687441</controlfield>
    <controlfield tag="003">DE-101</controlfield>
    <controlfield tag="005">20220722130008.0</controlfield>
    <controlfield tag="008">880701n||azznnaabn           | aaa    |c</controlfield>
    <datafield tag="024" ind1="7" ind2=" ">
      <subfield code="a">118687441</subfield>
      <subfield code="0">http://d-nb.info/gnd/118687441</subfield>
      <subfield code="2">gnd</subfield>
    </datafield>
    <datafield tag="035" ind1=" " ind2=" ">
      <subfield code="a">(DE-101)118687441</subfield>
    </datafield>
    <datafield tag="035" ind1=" " ind2=" ">
      <subfield code="a">(DE-588)118687441</subfield>
    </datafield>
    <datafield tag="035" ind1=" " ind2=" ">
      <subfield code="z">(DE-588)1158804911</subfield>
    </datafield>
    <datafield tag="035" ind1=" " ind2=" ">
      <subfield code="z">(DE-588)1089806140</subfield>
    </datafield>
    <datafield tag="035" ind1=" " ind2=" ">
      <subfield code="z">(DE-588)108947881X</subfield>
    </datafield>
    <datafield tag="035" ind1=" " ind2=" ">
      <subfield code="z">(DE-588a)118687441</subfield>
      <subfield code="9">v:zg</subfield>
    </datafield>
    <datafield tag="035" ind1=" " ind2=" ">
      <subfield code="z">(DE-588c)4092247-9</subfield>
      <subfield code="9">v:zg</subfield>
    </datafield>
    <datafield tag="040" ind1=" " ind2=" ">
      <subfield code="a">DE-101</subfield>
      <subfield code="c">DE-101</subfield>
      <subfield code="9">r:DE-101</subfield>
      <subfield code="b">ger</subfield>
      <subfield code="d">0023</subfield>
    </datafield>
    <datafield tag="042" ind1=" " ind2=" ">
      <subfield code="a">gnd1</subfield>
    </datafield>
    <datafield tag="043" ind1=" " ind2=" ">
      <subfield code="c">XA-DE</subfield>
    </datafield>
    <datafield tag="065" ind1=" " ind2=" ">
      <subfield code="a">16.5p</subfield>
      <subfield code="2">sswd</subfield>
    </datafield>
    <datafield tag="075" ind1=" " ind2=" ">
      <subfield code="b">p</subfield>
      <subfield code="2">gndgen</subfield>
    </datafield>
    <datafield tag="075" ind1=" " ind2=" ">
      <subfield code="b">pik</subfield>
      <subfield code="2">gndspec</subfield>
    </datafield>
    <datafield tag="079" ind1=" " ind2=" ">
      <subfield code="a">g</subfield>
      <subfield code="q">a</subfield>
      <subfield code="q">f</subfield>
      <subfield code="q">s</subfield>
      <subfield code="q">z</subfield>
      <subfield code="q">h</subfield>
      <subfield code="u">w</subfield>
      <subfield code="u">k</subfield>
      <subfield code="u">v</subfield>
      <subfield code="u">o</subfield>
    </datafield>
    <datafield tag="100" ind1="0" ind2=" ">
      <subfield code="a">Eberhard Ludwig</subfield>
      <subfield code="c">Württemberg, Herzog</subfield>
      <subfield code="d">1676-1733</subfield>
    </datafield>
    <datafield tag="375" ind1=" " ind2=" ">
      <subfield code="a">1</subfield>
      <subfield code="2">iso5218</subfield>
    </datafield>
    <datafield tag="400" ind1="0" ind2=" ">
      <subfield code="9">L:fre</subfield>
      <subfield code="a">Eberhard Ludwig</subfield>
      <subfield code="c">Duc de Württemberg</subfield>
      <subfield code="d">1676-1733</subfield>
      <subfield code="5">CH-GND</subfield>
    </datafield>
    <datafield tag="400" ind1="0" ind2=" ">
      <subfield code="9">L:eng</subfield>
      <subfield code="a">Eberhard Ludwig</subfield>
      <subfield code="c">Duke of Württemberg</subfield>
      <subfield code="d">1676-1733</subfield>
      <subfield code="5">CH-GND</subfield>
    </datafield>
    <datafield tag="400" ind1="0" ind2=" ">
      <subfield code="a">Eberhard Ludwig</subfield>
      <subfield code="c">Württemberg-Teck, Herzog</subfield>
      <subfield code="d">1676-1733</subfield>
    </datafield>
    <datafield tag="400" ind1="0" ind2=" ">
      <subfield code="a">Eberhard Ludwig</subfield>
      <subfield code="c">Herzog zu Württemberg</subfield>
      <subfield code="d">1676-1733</subfield>
    </datafield>
    <datafield tag="400" ind1="0" ind2=" ">
      <subfield code="a">Eberhard Ludwig</subfield>
      <subfield code="c">Würtemberg, Herzog</subfield>
      <subfield code="d">1676-1733</subfield>
    </datafield>
    <datafield tag="400" ind1="0" ind2=" ">
      <subfield code="a">Eberhard</subfield>
      <subfield code="b">IV.</subfield>
      <subfield code="c">Herzog zu Würtemberg</subfield>
      <subfield code="d">1676-1733</subfield>
    </datafield>
    <datafield tag="400" ind1="0" ind2=" ">
      <subfield code="a">Eberhard Louis</subfield>
      <subfield code="c">Wirtemberg, Duc</subfield>
      <subfield code="d">1676-1733</subfield>
    </datafield>
    <datafield tag="400" ind1="0" ind2=" ">
      <subfield code="a">Eberhard Ludwig Herzog von Württemberg</subfield>
      <subfield code="d">1676-1733</subfield>
    </datafield>
    <datafield tag="400" ind1="0" ind2=" ">
      <subfield code="a">Eberhard Louis Duc de Wirtemberg-Stoutgard</subfield>
      <subfield code="d">1676-1733</subfield>
    </datafield>
    <datafield tag="400" ind1="0" ind2=" ">
      <subfield code="a">E. L. D. W.</subfield>
      <subfield code="d">1676-1733</subfield>
    </datafield>
    <datafield tag="400" ind1="0" ind2=" ">
      <subfield code="a">E. L. H. Z. W.</subfield>
      <subfield code="d">1676-1733</subfield>
    </datafield>
    <datafield tag="500" ind1="0" ind2=" ">
      <subfield code="0">(DE-101)104183586</subfield>
      <subfield code="0">(DE-588)104183586</subfield>
      <subfield code="0">https://d-nb.info/gnd/104183586</subfield>
      <subfield code="a">Wilhelm Ludwig</subfield>
      <subfield code="c">Württemberg, Herzog</subfield>
      <subfield code="d">1647-1677</subfield>
      <subfield code="4">bezf</subfield>
      <subfield code="4">https://d-nb.info/standards/elementset/gnd#familialRelationship</subfield>
      <subfield code="w">r</subfield>
      <subfield code="i">Beziehung familiaer</subfield>
      <subfield code="e">Beziehung familiaer</subfield>
      <subfield code="9">v:Vater (und Vorgänger als Herzog von Württemberg)</subfield>
    </datafield>
    <datafield tag="500" ind1="0" ind2=" ">
      <subfield code="0">(DE-101)122063317</subfield>
      <subfield code="0">(DE-588)122063317</subfield>
      <subfield code="0">https://d-nb.info/gnd/122063317</subfield>
      <subfield code="a">Magdalena Sibylla</subfield>
      <subfield code="c">Württemberg, Herzogin, 1652-1712</subfield>
      <subfield code="d">1652-1712</subfield>
      <subfield code="4">bezf</subfield>
      <subfield code="4">https://d-nb.info/standards/elementset/gnd#familialRelationship</subfield>
      <subfield code="w">r</subfield>
      <subfield code="i">Beziehung familiaer</subfield>
      <subfield code="e">Beziehung familiaer</subfield>
      <subfield code="9">v:Mutter</subfield>
    </datafield>
    <datafield tag="500" ind1="0" ind2=" ">
      <subfield code="0">(DE-101)117753432</subfield>
      <subfield code="0">(DE-588)117753432</subfield>
      <subfield code="0">https://d-nb.info/gnd/117753432</subfield>
      <subfield code="a">Johanna Elisabeth</subfield>
      <subfield code="c">Württemberg, Herzogin</subfield>
      <subfield code="d">1680-1757</subfield>
      <subfield code="4">bezf</subfield>
      <subfield code="4">https://d-nb.info/standards/elementset/gnd#familialRelationship</subfield>
      <subfield code="w">r</subfield>
      <subfield code="i">Beziehung familiaer</subfield>
      <subfield code="e">Beziehung familiaer</subfield>
      <subfield code="9">v:Ehefrau</subfield>
    </datafield>
    <datafield tag="500" ind1="0" ind2=" ">
      <subfield code="0">(DE-101)115807993</subfield>
      <subfield code="0">(DE-588)115807993</subfield>
      <subfield code="0">https://d-nb.info/gnd/115807993</subfield>
      <subfield code="a">Friedrich Ludwig</subfield>
      <subfield code="c">Württemberg, Erbprinz</subfield>
      <subfield code="d">1698-1731</subfield>
      <subfield code="4">bezf</subfield>
      <subfield code="4">https://d-nb.info/standards/elementset/gnd#familialRelationship</subfield>
      <subfield code="w">r</subfield>
      <subfield code="i">Beziehung familiaer</subfield>
      <subfield code="e">Beziehung familiaer</subfield>
      <subfield code="9">v:Sohn</subfield>
    </datafield>
    <datafield tag="500" ind1="0" ind2=" ">
      <subfield code="0">(DE-101)1080678158</subfield>
      <subfield code="0">(DE-588)1080678158</subfield>
      <subfield code="0">https://d-nb.info/gnd/1080678158</subfield>
      <subfield code="a">Friedrich Karl</subfield>
      <subfield code="c">Württemberg-Winnental, Herzog</subfield>
      <subfield code="d">1652-1698</subfield>
      <subfield code="4">bezf</subfield>
      <subfield code="4">https://d-nb.info/standards/elementset/gnd#familialRelationship</subfield>
      <subfield code="w">r</subfield>
      <subfield code="i">Beziehung familiaer</subfield>
      <subfield code="e">Beziehung familiaer</subfield>
      <subfield code="9">v:Onkel</subfield>
    </datafield>
    <datafield tag="500" ind1="0" ind2=" ">
      <subfield code="0">(DE-101)100636209</subfield>
      <subfield code="0">(DE-588)100636209</subfield>
      <subfield code="0">https://d-nb.info/gnd/100636209</subfield>
      <subfield code="a">Karl Alexander</subfield>
      <subfield code="c">Württemberg, Herzog</subfield>
      <subfield code="d">1684-1737</subfield>
      <subfield code="4">bezf</subfield>
      <subfield code="4">https://d-nb.info/standards/elementset/gnd#familialRelationship</subfield>
      <subfield code="w">r</subfield>
      <subfield code="i">Beziehung familiaer</subfield>
      <subfield code="e">Beziehung familiaer</subfield>
      <subfield code="9">v:Neffe (und Nachfolger als Herzog von Württemberg)</subfield>
    </datafield>
    <datafield tag="530" ind1=" " ind2="0">
      <subfield code="0">(DE-101)1179863674</subfield>
      <subfield code="0">(DE-588)1179863674</subfield>
      <subfield code="0">https://d-nb.info/gnd/1179863674</subfield>
      <subfield code="a">Autogramm</subfield>
      <subfield code="g">Eberhard Ludwig, Württemberg, Herzog</subfield>
      <subfield code="n">01</subfield>
      <subfield code="4">rela</subfield>
      <subfield code="4">https://d-nb.info/standards/elementset/gnd#relatedWork</subfield>
      <subfield code="w">r</subfield>
      <subfield code="i">Relation allgemein</subfield>
    </datafield>
    <datafield tag="530" ind1=" " ind2="0">
      <subfield code="0">(DE-101)1179862570</subfield>
      <subfield code="0">(DE-588)1179862570</subfield>
      <subfield code="0">https://d-nb.info/gnd/1179862570</subfield>
      <subfield code="a">Einband</subfield>
      <subfield code="g">Initiale, Eberhard Ludwig, Württemberg, Herzog</subfield>
      <subfield code="n">01</subfield>
      <subfield code="4">rela</subfield>
      <subfield code="4">https://d-nb.info/standards/elementset/gnd#relatedWork</subfield>
      <subfield code="w">r</subfield>
      <subfield code="i">Relation allgemein</subfield>
    </datafield>
    <datafield tag="548" ind1=" " ind2=" ">
      <subfield code="a">1676-1733</subfield>
      <subfield code="4">datl</subfield>
      <subfield code="4">https://d-nb.info/standards/elementset/gnd#dateOfBirthAndDeath</subfield>
      <subfield code="w">r</subfield>
      <subfield code="i">Lebensdaten</subfield>
    </datafield>
    <datafield tag="548" ind1=" " ind2=" ">
      <subfield code="a">18.09.1676-31.10.1733</subfield>
      <subfield code="4">datx</subfield>
      <subfield code="4">https://d-nb.info/standards/elementset/gnd#dateOfBirthAndDeath</subfield>
      <subfield code="w">r</subfield>
      <subfield code="i">Exakte Lebensdaten</subfield>
    </datafield>
    <datafield tag="550" ind1=" " ind2=" ">
      <subfield code="0">(DE-101)040004643</subfield>
      <subfield code="0">(DE-588)4000464-8</subfield>
      <subfield code="0">https://d-nb.info/gnd/4000464-8</subfield>
      <subfield code="a">Adel</subfield>
      <subfield code="4">obin</subfield>
      <subfield code="4">https://d-nb.info/standards/elementset/gnd#broaderTermInstantial</subfield>
      <subfield code="w">r</subfield>
      <subfield code="i">Oberbegriff instantiell</subfield>
    </datafield>
    <datafield tag="550" ind1=" " ind2=" ">
      <subfield code="0">(DE-101)041596765</subfield>
      <subfield code="0">(DE-588)4159676-6</subfield>
      <subfield code="0">https://d-nb.info/gnd/4159676-6</subfield>
      <subfield code="a">Herzog</subfield>
      <subfield code="4">adel</subfield>
      <subfield code="4">https://d-nb.info/standards/elementset/gnd#titleOfNobility</subfield>
      <subfield code="w">r</subfield>
      <subfield code="i">Adelstitel</subfield>
    </datafield>
    <datafield tag="551" ind1=" " ind2=" ">
      <subfield code="0">(DE-101)040582825</subfield>
      <subfield code="0">(DE-588)4058282-6</subfield>
      <subfield code="0">https://d-nb.info/gnd/4058282-6</subfield>
      <subfield code="a">Stuttgart</subfield>
      <subfield code="4">ortg</subfield>
      <subfield code="4">https://d-nb.info/standards/elementset/gnd#placeOfBirth</subfield>
      <subfield code="w">r</subfield>
      <subfield code="i">Geburtsort</subfield>
    </datafield>
    <datafield tag="551" ind1=" " ind2=" ">
      <subfield code="0">(DE-101)040364690</subfield>
      <subfield code="0">(DE-588)4036469-0</subfield>
      <subfield code="0">https://d-nb.info/gnd/4036469-0</subfield>
      <subfield code="a">Ludwigsburg</subfield>
      <subfield code="4">orts</subfield>
      <subfield code="4">https://d-nb.info/standards/elementset/gnd#placeOfDeath</subfield>
      <subfield code="w">r</subfield>
      <subfield code="i">Sterbeort</subfield>
    </datafield>
    <datafield tag="667" ind1=" " ind2=" ">
      <subfield code="a">12</subfield>
    </datafield>
    <datafield tag="667" ind1=" " ind2=" ">
      <subfield code="a">384</subfield>
    </datafield>
    <datafield tag="667" ind1=" " ind2=" ">
      <subfield code="a">32</subfield>
    </datafield>
    <datafield tag="667" ind1=" " ind2=" ">
      <subfield code="a">VD-17</subfield>
    </datafield>
    <datafield tag="667" ind1=" " ind2=" ">
      <subfield code="a">VD-18</subfield>
    </datafield>
    <datafield tag="667" ind1=" " ind2=" ">
      <subfield code="a">LABI-BW-WLB</subfield>
    </datafield>
    <datafield tag="670" ind1=" " ind2=" ">
      <subfield code="a">B; M; Wer regierte wann?</subfield>
    </datafield>
    <datafield tag="670" ind1=" " ind2=" ">
      <subfield code="a">LCAuth</subfield>
    </datafield>
    <datafield tag="670" ind1=" " ind2=" ">
      <subfield code="a">Hochzeitspredigt vom 6.5.1697</subfield>
    </datafield>
    <datafield tag="672" ind1=" " ind2="0">
      <subfield code="a">Edict und Verordnung Nach welcher ... Alumni</subfield>
      <subfield code="f">1694</subfield>
    </datafield>
    <datafield tag="672" ind1=" " ind2="0">
      <subfield code="a">General-Verordnung, uber das Landrechnungs und Oeconomi-Wesen in dem Hertzogthum Würtemberg</subfield>
      <subfield code="f">1702</subfield>
    </datafield>
    <datafield tag="672" ind1=" " ind2="0">
      <subfield code="a">Der fürstlichen Residenz-Stadt Stuttgart, publicirte FeuerOrdnung</subfield>
      <subfield code="f">1703</subfield>
    </datafield>
    <datafield tag="672" ind1=" " ind2="0">
      <subfield code="a">Bier-Ordnung</subfield>
      <subfield code="f">1709</subfield>
    </datafield>
    <datafield tag="672" ind1=" " ind2="0">
      <subfield code="a">Polizeiordnung vom 6. Dezember 1712</subfield>
      <subfield code="f">1712</subfield>
    </datafield>
    <datafield tag="672" ind1=" " ind2="0">
      <subfield code="a">Hoch-Fürstlich-Würtembergisches Edict, wider die Duellen</subfield>
      <subfield code="f">1714</subfield>
    </datafield>
    <datafield tag="672" ind1=" " ind2="0">
      <subfield code="a">Privileges, franchises, exemptions &amp; avantages, que son altesse serenissime Monseigneur</subfield>
      <subfield code="f">1715</subfield>
    </datafield>
    <datafield tag="672" ind1=" " ind2="0">
      <subfield code="a">Der fürstlichen Residenz-Stadt Stuttgart, erneuert publicirte Feuer-Ordnung</subfield>
      <subfield code="f">1716</subfield>
    </datafield>
    <datafield tag="672" ind1=" " ind2="0">
      <subfield code="a">Hochfürstlich-Württembergisches Rang-Reglement</subfield>
      <subfield code="f">1718</subfield>
    </datafield>
    <datafield tag="672" ind1=" " ind2="0">
      <subfield code="a">Erneuerte Constitution und Ordnung, welchermassen im Hertzogthum Württemberg die Wildpret*</subfield>
      <subfield code="f">1718</subfield>
    </datafield>
    <datafield tag="678" ind1=" " ind2=" ">
      <subfield code="b">1693-1733 zehnter Herzog von Württemberg, 1677-1693 unter Vormundschaft seiner Mutter und seines Onkels Herzog-Administrator Friedrich Carl von Württemberg-Winnental, 1697 heiratete er Johanna Elisabeth von Baden-Durlach</subfield>
    </datafield>
    <datafield tag="913" ind1=" " ind2=" ">
      <subfield code="S">pnd</subfield>
      <subfield code="i">5</subfield>
      <subfield code="a">Eberhard Ludwig &lt;Württemberg, Herzog&gt;</subfield>
      <subfield code="0">(DE-588a)118687441</subfield>
    </datafield>
  </record>
